<collection xmlns:xsi="http://www.w3.org/2001/XMLSchema-instance" xmlns="http://www.loc.gov/MARC21/slim" xsi:schemaLocation="http://www.loc.gov/MARC21/slim http://www.loc.gov/standards/marcxml/schema/MARC21slim.xsd">

<record>
  <leader>07398ckm a2200649 a 4500</leader>
  <controlfield tag="001">3460524</controlfield>
  <controlfield tag="005">20100226102536.0</controlfield>
  <controlfield tag="008">870220s1948    xx ||| |||||||    k|eng d</controlfield>
  <datafield tag="035" ind1=" " ind2=" ">
    <subfield code="a">(OCoLC)84954003</subfield>
  </datafield>
  <datafield tag="035" ind1=" " ind2=" ">
    <subfield code="a">(OCoLC)ocm84954003</subfield>
  </datafield>
  <datafield tag="035" ind1=" " ind2=" ">
    <subfield code="a">(CStRLIN)NYDA87-F78</subfield>
  </datafield>
  <datafield tag="035" ind1=" " ind2=" ">
    <subfield code="9">AAA0995AD</subfield>
  </datafield>
  <datafield tag="035" ind1=" " ind2=" ">
    <subfield code="a">(NNC)3460524</subfield>
  </datafield>
  <datafield tag="040" ind1=" " ind2=" ">
    <subfield code="a">NNC</subfield>
    <subfield code="c">NNC</subfield>
    <subfield code="e">gihc</subfield>
  </datafield>
  <datafield tag="043" ind1=" " ind2=" ">
    <subfield code="a">n-us-ny</subfield>
  </datafield>
  <datafield tag="100" ind1="1" ind2=" ">
    <subfield code="a">Ferriss, Hugh,</subfield>
    <subfield code="d">1889-1962.</subfield>
  </datafield>
  <datafield tag="240" ind1="1" ind2="0">
    <subfield code="a">United Nations (New York, N.Y.)</subfield>
  </datafield>
  <datafield tag="245" ind1="1" ind2="0">
    <subfield code="a">[United Nations]</subfield>
    <subfield code="h">[graphic]</subfield>
  </datafield>
  <datafield tag="260" ind1=" " ind2=" ">
    <subfield code="c">1948.</subfield>
  </datafield>
  <datafield tag="300" ind1=" " ind2=" ">
    <subfield code="a">23 drawings :</subfield>
    <subfield code="b">various media ;</subfield>
    <subfield code="c">58.4 x 91.6 cm. (23 x 36 1/8 in.) or smaller.</subfield>
  </datafield>
  <datafield tag="500" ind1=" " ind2=" ">
    <subfield code="a">Title supplied by cataloger.</subfield>
  </datafield>
  <datafield tag="500" ind1=" " ind2=" ">
    <subfield code="a">Set consists of 17 drawings, graphite on tracing paper, many with color; 5 drawings, graphite on paper, some with color; and, 1 drawing, black crayon on paper.</subfield>
  </datafield>
  <datafield tag="580" ind1=" " ind2=" ">
    <subfield code="a">Forms part of the Hugh Ferriss architectural drawings and papers, Dept. of Drawings &amp; Archives, Avery Architectural and Fine Arts Library, Columbia University.</subfield>
  </datafield>
  <datafield tag="650" ind1=" " ind2="7">
    <subfield code="a">International organizations buildings.</subfield>
    <subfield code="2">aat</subfield>
  </datafield>
  <datafield tag="655" ind1=" " ind2="7">
    <subfield code="a">Architectural drawings</subfield>
    <subfield code="x">American.</subfield>
    <subfield code="2">aat</subfield>
  </datafield>
  <datafield tag="655" ind1=" " ind2="7">
    <subfield code="a">Perspective drawings.</subfield>
    <subfield code="2">aat</subfield>
  </datafield>
  <datafield tag="655" ind1=" " ind2="7">
    <subfield code="a">Design development drawings.</subfield>
    <subfield code="2">aat</subfield>
  </datafield>
  <datafield tag="651" ind1=" " ind2="0">
    <subfield code="a">New York (N.Y.)</subfield>
  </datafield>
  <datafield tag="650" ind1=" " ind2="0">
    <subfield code="a">Architecture</subfield>
    <subfield code="z">United States</subfield>
    <subfield code="v">Designs and plans.</subfield>
  </datafield>
  <datafield tag="610" ind1="2" ind2="0">
    <subfield code="a">United Nations (New York, N.Y.)</subfield>
  </datafield>
  <datafield tag="755" ind1=" " ind2=" ">
    <subfield code="a">Pencil drawings.</subfield>
    <subfield code="2">aat</subfield>
  </datafield>
  <datafield tag="755" ind1=" " ind2=" ">
    <subfield code="a">Crayon drawings.</subfield>
    <subfield code="2">aat</subfield>
  </datafield>
  <datafield tag="799" ind1="4" ind2="3">
    <subfield code="a">The Hugh Ferriss collection.</subfield>
  </datafield>
  <datafield tag="789" ind1="0" ind2=" ">
    <subfield code="l">[1]</subfield>
    <subfield code="i">NYDA.1000.001.00194.</subfield>
    <subfield code="t">Walkers View : #18.</subfield>
    <subfield code="p">Graphite with color on tracing paper ; 45.0 x 60.4 cm. (17 3/4 x 23 7/8 in.)</subfield>
    <subfield code="o">Title, lower right.</subfield>
    <subfield code="o">Site plan of East side of Manhattan with red arrow running diagonally through the drawing, labeled on one side, "VIEW", on the other "North".</subfield>
  </datafield>
  <datafield tag="789" ind1="0" ind2=" ">
    <subfield code="l">[2]</subfield>
    <subfield code="i">NYDA.1000.001.00195.</subfield>
    <subfield code="t">Bird's-eye perspective looking south west :</subfield>
    <subfield code="n">Drwg #23,</subfield>
    <subfield code="d">April 1.</subfield>
    <subfield code="p">Graphite and color (chalk or crayon) on paper, on board ; 60.4 x 44.7 cm. (23 7/8 x 17 7/8 in.) 61.8 x 46.2 cm. (24 1/8 x 18 1/8 in.)</subfield>
    <subfield code="o">Title and date lower right.</subfield>
  </datafield>
  <datafield tag="789" ind1="0" ind2=" ">
    <subfield code="l">[3]</subfield>
    <subfield code="i">NYDA.1000.001.00196.</subfield>
    <subfield code="t">View east from 12th floor : Tudor City :</subfield>
    <subfield code="n">Drwg #24,</subfield>
    <subfield code="d">Apr. 1 [or] Apr. 2.</subfield>
    <subfield code="p">Black crayon and graphite with color on paper ; 46.0 x 61.1 cm. (18 1/2 x 24 1/8 in.)</subfield>
    <subfield code="o">Title lower center.</subfield>
    <subfield code="o">Subtitle and "Apr. 1" lower right.</subfield>
    <subfield code="o">"Apr. 2" in purple crayon, lower left.</subfield>
  </datafield>
  <datafield tag="789" ind1="0" ind2=" ">
    <subfield code="l">[4]</subfield>
    <subfield code="i">NYDA.1000.001.00197.</subfield>
    <subfield code="t">Bird's-eye perspective looking north :</subfield>
    <subfield code="n">Drwg #25,</subfield>
    <subfield code="d">April 1.</subfield>
    <subfield code="p">Graphite with color (chalk and crayon)on tracing paper ; 45.2 x 60.5 cm. (17 x 23 7/8 in.)</subfield>
    <subfield code="o">Title and date lower right.</subfield>
  </datafield>
  <datafield tag="789" ind1="0" ind2=" ">
    <subfield code="l">[5]</subfield>
    <subfield code="i">NYDA.1000.001.00198.</subfield>
    <subfield code="t">4 Bird's-eye perspectives</subfield>
    <subfield code="p">Graphite on paper ; 47.4 x 60.6 cm. (18 3/4 x 23 7/8 in.)</subfield>
    <subfield code="o">Inscribed "with(?) 4-13" in blue pencil. Also inscribed "Early Mo..." in graphite, which is crossed out with graphite and possibly signed "Fer(s?)" lower right.</subfield>
    <subfield code="o">"U.N. not in Power in buildings" inscribed lower right.</subfield>
  </datafield>
  <datafield tag="789" ind1="0" ind2=" ">
    <subfield code="l">[6]</subfield>
    <subfield code="i">NYDA.1000.001.00199.</subfield>
    <subfield code="t">[Site plan and] section S-N,</subfield>
    <subfield code="d">April 8.</subfield>
    <subfield code="p">Graphite with color (chalk and crayon) on tracing paper ; 45.2 x 60.4 cm. (17 7/8 x 23 7/8 in.)</subfield>
    <subfield code="o">Date lower right.</subfield>
    <subfield code="o">Drawing shows labels for entrances : Secretariat, Delegates, Public, Pedestrians, and Processions.</subfield>
  </datafield>
  <datafield tag="789" ind1="0" ind2=" ">
    <subfield code="l">[7]</subfield>
    <subfield code="i">NYDA.1000.001.00200.</subfield>
    <subfield code="t">Bird's-eye perspective looking S-E :</subfield>
    <subfield code="n">Drwg. #60,</subfield>
    <subfield code="d">May 2.</subfield>
    <subfield code="p">Graphite with color on paper ; 43.9 x 59.1 cm. (17 1/4 x 23 1/4 in.)</subfield>
    <subfield code="o">Title and date lower right.</subfield>
    <subfield code="o">Wrapper includes sheet of paper which was a mount for the drawing, 45.1 x 60.8 cm. (17 3/4 x 24 in.)</subfield>
    <subfield code="o">"U.N. not in Power in buildings", on mount.</subfield>
  </datafield>
  <datafield tag="789" ind1="0" ind2=" ">
    <subfield code="l">[8]</subfield>
    <subfield code="i">NYDA.1000.001.00201.</subfield>
    <subfield code="t">Bird's-eye perspective and site plan :</subfield>
    <subfield code="n">Drwg #70,</subfield>
    <subfield code="d">May 2.</subfield>
    <subfield code="p">Graphite and colored pencil on paper.</subfield>
    <subfield code="o">Date in green pencil lower right.</subfield>
    <subfield code="o">Two images.</subfield>
  </datafield>
  <datafield tag="789" ind1="0" ind2=" ">
    <subfield code="l">[9]</subfield>
    <subfield code="i">NYDA.1000.001.00202.</subfield>
    <subfield code="t">[Perspective of north entrance]</subfield>
    <subfield code="d">Aug '48.</subfield>
    <subfield code="p">Graphite on tracing paper ; 51.1 x 64.4 cm. (20 1/8 in x 25 3/8 in.)</subfield>
    <subfield code="o">Date in orange pencil lower right center.</subfield>
    <subfield code="o">Title supplied by cataloger.</subfield>
  </datafield>
  <datafield tag="789" ind1="0" ind2=" ">
    <subfield code="l">[10]</subfield>
    <subfield code="i">NYDA.1000.001.00203.</subfield>
    <subfield code="t">[Perspective of north entrance]</subfield>
    <subfield code="d">Aug '48.</subfield>
    <subfield code="p">Graphite with color and white chalk on tracing paper ; 55.4 x 72.7 cm. (22 7/8 x 28 5/8 in.)</subfield>
    <subfield code="o">Date in pencil lower center left.</subfield>
  </datafield>
  <datafield tag="789" ind1="0" ind2=" ">
    <subfield code="l">[11]</subfield>
    <subfield code="i">NYDA.1000.001.00204.</subfield>
    <subfield code="t">[Perspective of north elevation] /</subfield>
    <subfield code="c">H.F.,</subfield>
    <subfield code="d">Aug. 8 '48.</subfield>
    <subfield code="p">Graphite on tracing paper ; 51.1 x 75.2 cm. (20 1/8 x 29 5/8 in.)</subfield>
    <subfield code="o">Initialed and "Aug 8" in blue pencil, '48 in graphite lower right.</subfield>
  </datafield>
  <datafield tag="789" ind1="0" ind2=" ">
    <subfield code="l">[12]</subfield>
    <subfield code="i">NYDA.1000.001.00205.</subfield>
    <subfield code="t">Study for #140,</subfield>
    <subfield code="d">Aug. 8, 1948.</subfield>
    <subfield code="p">Graphite and black crayon with color on tracing paper ; 62.4 x 78.8 cm. (24 5/8 x 31 in.)</subfield>
    <subfield code="o">Title and date (Aug 8) in graphite, lower right, [1948 below in a lighter graphite, but also in Ferriss hand].</subfield>
    <subfield code="o">Perspective of north elevation.</subfield>
  </datafield>
  <datafield tag="789" ind1="0" ind2=" ">
    <subfield code="l">[13]</subfield>
    <subfield code="i">NYDA.1000.001.00206.</subfield>
    <subfield code="t">[Perspective of entrance] /</subfield>
    <subfield code="c">H.F.,</subfield>
    <subfield code="d">Aug 10/48.</subfield>
    <subfield code="p">Graphite with color on tracing paper [two pieces taped together] ; 53.5 x 76.3 cm. (21 1/8 x 30 1/8 in.)</subfield>
    <subfield code="o">Initials and date in lower right in brown crayon.</subfield>
  </datafield>
  <datafield tag="789" ind1="0" ind2=" ">
    <subfield code="l">[14]</subfield>
    <subfield code="i">NYDA.1000.001.00207.</subfield>
    <subfield code="t">[Perspective of north elevation] /</subfield>
    <subfield code="c">H.F.,</subfield>
    <subfield code="d">Aug. 10 [1st?] 48.</subfield>
    <subfield code="p">Graphite with color on tracing paper ; 45.7 x 75.7 cm. (18 x 29 7/8 in.)</subfield>
    <subfield code="o">Initials and date [Aug 10] in blue crayon "1 st" written over 10 and '48 added in graphite, center left.</subfield>
  </datafield>
  <datafield tag="789" ind1="0" ind2=" ">
    <subfield code="l">[15]</subfield>
    <subfield code="i">NYDA.1000.001.00208.</subfield>
    <subfield code="t">[Perspective]</subfield>
    <subfield code="d">Aug 12 '48.</subfield>
    <subfield code="p">Graphite with colored crayon on tracing paper ; 55.7 x 75.9 cm. (22 x 29 7/8 in.)</subfield>
    <subfield code="o">Date lower center-right (48 probably added later).</subfield>
  </datafield>
  <datafield tag="789" ind1="0" ind2=" ">
    <subfield code="l">[16]</subfield>
    <subfield code="i">NYDA.1000.001.00209.</subfield>
    <subfield code="t">Perspective of entrance court :</subfield>
    <subfield code="n">[Drwg. no.] 134.</subfield>
    <subfield code="p">Graphite and black crayon with white chalk and color crayon on tracing paper ; 52.1 x 94.3 cm. (20 1/2 x 37 1/8 in.)</subfield>
  </datafield>
  <datafield tag="789" ind1="0" ind2=" ">
    <subfield code="l">[17]</subfield>
    <subfield code="i">NYDA.1000.001.00210.</subfield>
    <subfield code="t">Perspective of court :</subfield>
    <subfield code="n">Drwg #135.</subfield>
    <subfield code="p">Graphite with color on tracing paper ; 42.2 x 79.9 cm. (16 3/8 x 31 1/2 in.)</subfield>
  </datafield>
  <datafield tag="789" ind1="0" ind2=" ">
    <subfield code="l">[18]</subfield>
    <subfield code="i">NYDA.1000.001.00211.</subfield>
    <subfield code="t">[Perspective of north elevation] /</subfield>
    <subfield code="c">H.F.,</subfield>
    <subfield code="d">[19]48.</subfield>
    <subfield code="p">Graphite with colored crayon on tracing paper ; 43.8 x 65.8 cm. (17 1/4 x 26 in.)</subfield>
    <subfield code="o">Initialed lower center right in blue crayon ; '48 in graphite.</subfield>
  </datafield>
  <datafield tag="789" ind1="0" ind2=" ">
    <subfield code="l">[19]</subfield>
    <subfield code="i">NYDA.1000.001.00212.</subfield>
    <subfield code="t">[View from 45th Str.]</subfield>
    <subfield code="d">Dec 17 [19]48.</subfield>
    <subfield code="p">Graphite with one diagonal red line on tracing paper ; 28.1 x 60.4 cm. (11 1/8 x 23 7/8 in.)</subfield>
    <subfield code="o">Title supplied by curator.</subfield>
    <subfield code="o">Some mat dimensions outside border.</subfield>
    <subfield code="o">"45th Street"--inscription, lower right, above date inscription.</subfield>
  </datafield>
  <datafield tag="789" ind1="0" ind2=" ">
    <subfield code="l">[20]</subfield>
    <subfield code="i">NYDA.1000.001.00213.</subfield>
    <subfield code="t">Perspective of north elevation :</subfield>
    <subfield code="n">[Drwg. no.] 1,</subfield>
    <subfield code="d">Dec 15 [19]48.</subfield>
    <subfield code="p">Graphite with color on tracing paper ; 31.2 x 60 cm. (12 1/4 x 23 3/4 in.)</subfield>
    <subfield code="o">Inscription "H.F." (mostly erased) and date.</subfield>
  </datafield>
  <datafield tag="789" ind1="0" ind2=" ">
    <subfield code="l">[21]</subfield>
    <subfield code="i">NYDA.1000.001.00214.</subfield>
    <subfield code="t">Perspective of north elevation :</subfield>
    <subfield code="n">[Drwg. no.] 4 /</subfield>
    <subfield code="c">H.F.,</subfield>
    <subfield code="d">Dec. 18/48.</subfield>
    <subfield code="p">Graphite with color crayon on tracing paper ; 53.0 x 85.2 cm. (20 7/8 x 33 5/8 in.)</subfield>
    <subfield code="o">Initials and date, lower right.</subfield>
  </datafield>
  <datafield tag="789" ind1="0" ind2=" ">
    <subfield code="l">[22]</subfield>
    <subfield code="i">NYDA.1000.001.00215.</subfield>
    <subfield code="t">[Perspective of north elevation],</subfield>
    <subfield code="d">Dec 21 [19]48.</subfield>
    <subfield code="p">Graphite with color on paper ; 58.4 x 91.6 cm. (23 x 36 1/8 in.)</subfield>
    <subfield code="o">Dated lower right.</subfield>
    <subfield code="o">"#" above date but paper has been torn.</subfield>
  </datafield>
  <datafield tag="789" ind1="0" ind2=" ">
    <subfield code="t">[23]</subfield>
    <subfield code="i">NYDA.1000.001.00216.</subfield>
    <subfield code="t">Perspective of north-front :</subfield>
    <subfield code="n">Drwg #10,</subfield>
    <subfield code="d">Dec. 22,[1948].</subfield>
    <subfield code="p">Graphite with color on tracing paper ; 58 x 91.6 cm. (23 x 36 1/8 in.)</subfield>
    <subfield code="o">Date and title, lower right.</subfield>
    <subfield code="o">This drawing is very similar to no. 1000.001.00215.</subfield>
    <subfield code="o">Top of drawing [perhaps] has been folded under.</subfield>
  </datafield>
  <datafield tag="900" ind1=" " ind2=" ">
    <subfield code="a">AUTH</subfield>
  </datafield>
</record>

</collection>